<record><leader>00000cas a22000007a 4500</leader><controlfield tag="001">9815420</controlfield><controlfield tag="008">830816d18801884ksuwr ne      0    0eng d</controlfield><datafield ind1=" " ind2=" " tag="010"><subfield code="a">sn 83040449 </subfield></datafield><datafield ind1=" " ind2=" " tag="040"><subfield code="a">KSH</subfield><subfield code="b">eng</subfield><subfield code="c">KSH</subfield><subfield code="d">NPT</subfield><subfield code="d">OCLCQ</subfield></datafield><datafield ind1=" " ind2=" " tag="042"><subfield code="a">msc</subfield></datafield><datafield ind1=" " ind2=" " tag="043"><subfield code="a">n-us-ks</subfield></datafield><datafield ind1="0" ind2="0" tag="245"><subfield code="a">Augusta advance.</subfield></datafield><datafield ind1=" " ind2=" " tag="260"><subfield code="a">Augusta, Kan. :</subfield><subfield code="b">R.S. Scott,</subfield><subfield code="c">-1884.</subfield></datafield><datafield ind1=" " ind2=" " tag="300"><subfield code="a">v. :</subfield><subfield code="b">ill. (chiefly advertisements) ;</subfield><subfield code="c">60-64 cm.</subfield></datafield><datafield ind1=" " ind2=" " tag="310"><subfield code="a">Weekly</subfield></datafield><datafield ind1="0" ind2=" " tag="362"><subfield code="a">-v. 5, no. 3 (June 25, 1884).</subfield></datafield><datafield ind1="1" ind2=" " tag="362"><subfield code="a">Began in 1880?</subfield></datafield><datafield ind1=" " ind2=" " tag="500"><subfield code="a">"Democratic."</subfield></datafield><datafield ind1=" " ind2=" " tag="500"><subfield code="a">Published on Wednesday.</subfield></datafield><datafield ind1=" " ind2=" " tag="500"><subfield code="a">Editor: R.S. Scott.</subfield></datafield><datafield ind1=" " ind2=" " tag="588"><subfield code="a">Description based on: Vol. 3, no. 46 (Apr. 25, 1883).</subfield></datafield><datafield ind1="1" ind2=" " tag="700"><subfield code="a">Scott, R. S.</subfield></datafield><datafield ind1=" " ind2=" " tag="752"><subfield code="a">United States</subfield><subfield code="b">Kansas</subfield><subfield code="c">Butler</subfield><subfield code="d">Augusta.</subfield></datafield><datafield ind1="0" ind2="0" tag="785"><subfield code="t">Augusta electric light</subfield><subfield code="w">(DLC)sn 83040462</subfield></datafield></record>